<?xml version="1.0" encoding="UTF-8"?><record xmlns="http://www.loc.gov/MARC21/slim" xmlns:cinclude="http://apache.org/cocoon/include/1.0" xmlns:zs="http://www.loc.gov/zing/srw/">
  <leader>00572cz  a2200145n  4500</leader>
  <controlfield tag="001">n  89260975 </controlfield>
  <controlfield tag="003">DLC</controlfield>
  <controlfield tag="005">19920623091938.8</controlfield>
  <controlfield tag="008">920410n| acannaab|          |a aaa |||  </controlfield>
  <datafield tag="010" ind1=" " ind2=" ">
    <subfield code="a">n  89260975 </subfield>
  </datafield>
  <datafield tag="040" ind1=" " ind2=" ">
    <subfield code="a">DLC</subfield>
    <subfield code="c">DLC</subfield>
    <subfield code="d">DLC</subfield>
  </datafield>
  <datafield tag="100" ind1="1" ind2="0">
    <subfield code="a">Potadāra, Keśava Ekanātha,</subfield>
    <subfield code="d">1913-</subfield>
  </datafield>
  <datafield tag="400" ind1="0" ind2="0">
    <subfield code="a">Keśava Ekanātha Potadāra,</subfield>
    <subfield code="d">1913-</subfield>
  </datafield>
  <datafield tag="400" ind1="1" ind2="0">
    <subfield code="a">Potadāra, Ke. E.,</subfield>
    <subfield code="d">1913-</subfield>
  </datafield>
  <datafield tag="670" ind1=" " ind2=" ">
    <subfield code="a">His Sampādaka āṇi sampādakīya, 1991:</subfield>
    <subfield code="b">t.p. (Keśava Ekanātha Potadāra) cover (Ke. E. Potadāra) jkt. (b. 10/13/1923; M.A. (Marathi), Nagpur U.; former editor, Maharahstra Times)</subfield>
  </datafield>
</record>